@ARTICLE{pickard,
    TITLE="Tables for the Step-by-Step Integration of Ordinary Differential Equations of the First Order",
    AUTHOR="William F. Pickard",
    JOURNAL="Journal of the Association for Computing Machinery",
    VOLUME="11",
    NUMBER="2",
    MONTH="April",
    YEAR="1964",
    PAGES="229-233",
    NOTE="\url{https://oeis.org/A002397/a002397.pdf}"
}

@BOOK{collatz,
    TITLE="The Numerical Treatment of Differential Equations",
    AUTHOR="Lothar Collatz",
    PUBLISHER="Springer Verlag",
    EDITION="3",
    YEAR=1960,
    NOTE="\url{https://cloudflare-ipfs.com/ipfs/bafykbzacebvzcrw3nlbh7npizojdcbjb4bzxt3lwjhvdu5yktl72zd5vwloxa?filename=%28Die%20Grundlehren%20der%20Mathematischen%20Wissenschaften%2060%29%20Dr.%20Lothar%20Collatz%20%28auth.%29%20-%20The%20Numerical%20Treatment%20of%20Differential%20Equations-Springer%20Berlin%20Heidelberg%20%281960%29.pdf}"
}

@BOOK{henrici,
    TITLE="Discrete variable methods in ordinary differential equations",
    AUTHOR="Peter Henrici",
    PUBLISHER="Wiley, New York",
    YEAR=1962,
    NOTE="\url{https://archive.org/details/discretevariable0000henr/}"
}

@ARTICLE{flajolet,
    TITLE="Sur une famille de polyn\^omes issus de l'analyse num\'erique",
    AUTHOR="Philippe Flajolet and Xavier Gourdon and Bruno Salvy",
    VOLUME="1857",
    MONTH="February",
    YEAR="1993",
    JOURNAL="INRIA Rapport de recherche",
    NOTE="\url{https://hal.inria.fr/inria-00074815/document}"
}
